<record><leader>00000cas a2200000 a 4500</leader><controlfield tag="001">8797516</controlfield><controlfield tag="008">820922d18651866gaudn ne      0    0eng  </controlfield><datafield ind1=" " ind2=" " tag="010"><subfield code="a">sn 82014289 </subfield></datafield><datafield ind1=" " ind2=" " tag="040"><subfield code="a">DLC</subfield><subfield code="b">eng</subfield><subfield code="c">DLC</subfield><subfield code="d">NPY</subfield><subfield code="d">NPU</subfield><subfield code="d">NPX</subfield><subfield code="d">DLC</subfield><subfield code="d">MGN</subfield><subfield code="d">FUG</subfield><subfield code="d">GUA</subfield><subfield code="d">DLC</subfield><subfield code="d">OCLCQ</subfield><subfield code="d">OCLCF</subfield></datafield><datafield ind1="1" ind2=" " tag="029"><subfield code="a">AU@</subfield><subfield code="b">000020412426</subfield></datafield><datafield ind1=" " ind2=" " tag="042"><subfield code="a">pcc</subfield></datafield><datafield ind1=" " ind2=" " tag="043"><subfield code="a">n-us-ga</subfield></datafield><datafield ind1="0" ind2="0" tag="050"><subfield code="a">Newspaper</subfield></datafield><datafield ind1="0" ind2=" " tag="130"><subfield code="a">Savannah national republican (Savannah, Ga. : 1865)</subfield></datafield><datafield ind1="1" ind2="0" tag="245"><subfield code="a">Savannah national republican.</subfield></datafield><datafield ind1="3" ind2="0" tag="246"><subfield code="a">National republican</subfield></datafield><datafield ind1=" " ind2=" " tag="260"><subfield code="a">Savannah, Ga. :</subfield><subfield code="b">J.E. Hayes,</subfield><subfield code="c">[1865-1866]</subfield></datafield><datafield ind1=" " ind2=" " tag="300"><subfield code="a">v. :</subfield><subfield code="b">ill. (chiefly advertisements) ;</subfield><subfield code="c">57-68 cm.</subfield></datafield><datafield ind1=" " ind2=" " tag="310"><subfield code="a">Daily (except Sunday)</subfield></datafield><datafield ind1="0" ind2=" " tag="362"><subfield code="a">New ser., v. 65, no. 247 (Oct. 21, 1865)-v. 1, no. 146 (Apr. 13, 1866).</subfield></datafield><datafield ind1=" " ind2=" " tag="515"><subfield code="a">Vols. for Oct. 30, 1865-Jan. 4, 1866 called also v. 1, no. 8-v. 1, no. 62.</subfield></datafield><datafield ind1=" " ind2=" " tag="530"><subfield code="a">Also on microfilm: Athens, Ga. : University of Georgia Libraries.</subfield></datafield><datafield ind1=" " ind2="0" tag="651"><subfield code="a">Savannah (Ga.)</subfield><subfield code="v">Newspapers.</subfield></datafield><datafield ind1=" " ind2="0" tag="651"><subfield code="a">Chatham County (Ga.)</subfield><subfield code="v">Newspapers.</subfield></datafield><datafield ind1=" " ind2="7" tag="655"><subfield code="a">Newspapers.</subfield><subfield code="2">fast</subfield><subfield code="0">(OCoLC)fst01423814</subfield></datafield><datafield ind1=" " ind2="7" tag="651"><subfield code="a">Georgia</subfield><subfield code="z">Chatham County.</subfield><subfield code="2">fast</subfield><subfield code="0">(OCoLC)fst01207617</subfield></datafield><datafield ind1=" " ind2="7" tag="651"><subfield code="a">Georgia</subfield><subfield code="z">Savannah.</subfield><subfield code="2">fast</subfield><subfield code="0">(OCoLC)fst01207319</subfield></datafield><datafield ind1=" " ind2=" " tag="752"><subfield code="a">United States</subfield><subfield code="b">Georgia</subfield><subfield code="c">Chatham</subfield><subfield code="d">Savannah.</subfield></datafield><datafield ind1="0" ind2=" " tag="775"><subfield code="t">Savannah weekly republican</subfield><subfield code="w">(DLC)sn 85038498</subfield><subfield code="w">(OCoLC)12608771</subfield></datafield><datafield ind1="0" ind2="0" tag="780"><subfield code="t">Savannah republican (Savannah, Ga. : 1858)</subfield><subfield code="w">(DLC)sn 85038496</subfield><subfield code="w">(OCoLC)12608721</subfield></datafield><datafield ind1="0" ind2="0" tag="785"><subfield code="t">Savannah daily republican (Savannah, Ga. : 1866)</subfield><subfield code="w">(DLC)sn 82015879</subfield><subfield code="w">(OCoLC)8818315</subfield></datafield></record>